<?xml version='1.0' encoding='UTF-8'?>
<record xmlns="http://www.loc.gov/MARC21/slim">
  <leader>01871cam a2200397 a 4500</leader>
  <controlfield tag="001">1595375</controlfield>
  <controlfield tag="003">NjP</controlfield>
  <controlfield tag="005">20170516151705.0</controlfield>
  <controlfield tag="008">860711s1958    ir            000 0 ara c</controlfield>
  <datafield tag="024" ind1="7" ind2=" ">
    <subfield code="a">princeton_aco001912</subfield>
    <subfield code="2">local</subfield>
  </datafield>
  <datafield ind1=" " ind2=" " tag="010">
    <subfield code="a">ne 64003289 </subfield>
  </datafield>
  <datafield ind1=" " ind2=" " tag="035">
    <subfield code="a">(OCoLC)ocn177338979</subfield>
  </datafield>
  <datafield ind1=" " ind2=" " tag="035">
    <subfield code="a">(OCoLC)ocm13858591</subfield>
  </datafield>
  <datafield ind1=" " ind2=" " tag="040">
    <subfield code="a">Princeton Univ. Libr.</subfield>
    <subfield code="c">PUL</subfield>
    <subfield code="d">PUL</subfield>
  </datafield>
  <datafield ind1=" " ind2=" " tag="035">
    <subfield code="a">(OCoLC)177338979</subfield>
  </datafield>
  <datafield ind1=" " ind2=" " tag="035">
    <subfield code="9">CFA4162TS</subfield>
  </datafield>
  <datafield ind1=" " ind2=" " tag="035">
    <subfield code="a">(NjP)1595375</subfield>
  </datafield>
  <datafield ind1=" " ind2=" " tag="079">
    <subfield code="a">ocm13858591</subfield>
  </datafield>
  <datafield ind1=" " ind2=" " tag="049">
    <subfield code="a">PULL</subfield>
  </datafield>
  <datafield ind1="1" ind2=" " tag="100">
    <subfield code="6">880-01</subfield>
    <subfield code="a">Ibn Bābawayh, Muḥammad ibn ʻAlī,</subfield>
    <subfield code="d">918 or 19-991 or 2.</subfield>
  </datafield>
  <datafield ind1="1" ind2="3" tag="245">
    <subfield code="6">880-02</subfield>
    <subfield code="a">al-Muqniʻ wa-al-hidāyah /</subfield>
    <subfield code="c">li-Abī Jaʻfar al-Ṣadūq Muḥammad ibn ʻAlī ibn al-Ḥusayn ibn Bābawayh al-Qummī.</subfield>
  </datafield>
  <datafield ind1=" " ind2=" " tag="260">
    <subfield code="6">880-03</subfield>
    <subfield code="a">Qumm :</subfield>
    <subfield code="b">Muʼassasat al-Maṭbūʻāt al-Dīnīyah ;</subfield>
    <subfield code="a">Ṭihrān :</subfield>
    <subfield code="b">al-Maktabah al-Islāmīyah,</subfield>
    <subfield code="c">1377 [1958]</subfield>
  </datafield>
  <datafield ind1=" " ind2=" " tag="300">
    <subfield code="a">1 v. (various pagings) ;</subfield>
    <subfield code="c">25 cm.</subfield>
  </datafield>
  <datafield ind1="0" ind2=" " tag="490">
    <subfield code="6">880-04</subfield>
    <subfield code="a">Silsilat al-mutūn al-fiqhīyah ;</subfield>
    <subfield code="v">1</subfield>
  </datafield>
  <datafield ind1=" " ind2=" " tag="504">
    <subfield code="a">Includes bibliographical references.</subfield>
  </datafield>
  <datafield ind1=" " ind2="0" tag="650">
    <subfield code="a">Islamic law.</subfield>
    <subfield code="0">http://id.loc.gov/authorities/subjects/sh85068454</subfield>
  </datafield>
  <datafield ind1="1" ind2="2" tag="700">
    <subfield code="6">880-05</subfield>
    <subfield code="a">Ibn Bābawayh, Muḥammad ibn ʻAlī,</subfield>
    <subfield code="d">918 or 19-991 or 2.</subfield>
    <subfield code="t">Hidāyah.</subfield>
  </datafield>
  <datafield ind1="0" ind2=" " tag="740">
    <subfield code="6">880-06</subfield>
    <subfield code="a">Hidāyah.</subfield>
  </datafield>
  <datafield ind1="1" ind2=" " tag="880">
    <subfield code="6">100-01/r</subfield>
    <subfield code="a">ابن بابويه، محمد بن علي،</subfield>
    <subfield code="d">918 or 19-991 or 2.</subfield>
  </datafield>
  <datafield ind1="1" ind2="2" tag="880">
    <subfield code="6">245-02/r</subfield>
    <subfield code="a">المقنع والهداية /</subfield>
    <subfield code="c">لابي جعفر الصدوق محمد بن علي بن الحسين بن بابويه القمي.</subfield>
  </datafield>
  <datafield ind1=" " ind2=" " tag="880">
    <subfield code="6">260-03/r</subfield>
    <subfield code="a">قم :</subfield>
    <subfield code="b">مؤسسة المطبوعات الدينية ؛</subfield>
    <subfield code="a">طهران :</subfield>
    <subfield code="b">المكتبة الاسلامية،</subfield>
    <subfield code="c">1377 [1958]</subfield>
  </datafield>
  <datafield ind1="0" ind2=" " tag="880">
    <subfield code="6">490-04/r</subfield>
    <subfield code="a">سلسلة المتون الفقهية ؛</subfield>
    <subfield code="v">1</subfield>
  </datafield>
  <datafield ind1="1" ind2="2" tag="880">
    <subfield code="6">700-05/r</subfield>
    <subfield code="a">ابن بابويه، محمد بن علي،</subfield>
    <subfield code="d">918 or 19-991 or 2.</subfield>
    <subfield code="t">هداية.</subfield>
  </datafield>
  <datafield ind1="0" ind2=" " tag="880">
    <subfield code="6">740-06/r</subfield>
    <subfield code="a">هداية.</subfield>
  </datafield>
  <datafield ind1=" " ind2=" " tag="947">
    <subfield code="a">CFA4162</subfield>
  </datafield>
  <datafield ind1=" " ind2=" " tag="911">
    <subfield code="a">20000130</subfield>
  </datafield>
  <datafield ind1=" " ind2=" " tag="994">
    <subfield code="a">C0</subfield>
    <subfield code="b">PUL</subfield>
  </datafield>
  <datafield ind1=" " ind2=" " tag="999">
    <subfield code="a">1595375</subfield>
  </datafield>
  <datafield ind1="0" ind2="0" tag="852">
    <subfield code="0">1837727</subfield>
    <subfield code="b">nec</subfield>
    <subfield code="t">0</subfield>
    <subfield code="h">KBP144</subfield>
    <subfield code="i">.I2633 1958</subfield>
  </datafield>
  <datafield ind1=" " ind2=" " tag="959">
    <subfield code="a">2000-06-13 00:00:00 -0500</subfield>
  </datafield>
</record>
